Stomatologia:
@Misc{DzU13,
title = {Dziennik Ustaw Rzeczypospolitej Polskiej, Poz. 1462, Rozporządzenie Ministra Zdrowia w sprawie świadczeń gwarantowanych z zakresu leczenia stomatologicznego},
year = {2013},
month = {November},
address = {Warszawa}
}

Bezpieczenstwo:
@Misc{BDA99,
title = "{RFC 2617}: HTTP Authentication: Basic and Digest Access Authentication",
year = {1999},
author = {Franks, J. and Hallam-Baker, P.M. and Hostetler, J.L. and Lawrence, S.D. and Leach, P.J. and Luotonen, A. and Stewart, L.},
organization = {Network Working Group},
online = yes,
URL = http://tools.ietf.org/html/rfc2617
}

@Misc{SeMa08,
title = {Secure Session Management With Cookies for Web Applications},
year = {2008},
author = {Palmer, C.}
month = {September}
}

@Misc{ClAu,
title = {Dos and Don’ts of Client Authentication on the Web},
author = {Fu, K. and Sit, E. and Smith, K. and Feamster, N.}
}

@Misc{RfcC11,
title = "{RFC 6265}: HTTP State Management Mechanism",
author = {Barth, A.}
}

@Misc{MsC,
title = {Maintaining Session State with Cookies},
url = {http://msdn.microsoft.com/en-us/library/ms526029(v=vs.90).aspx}
}

@Misc{SId,
title = {Insufficient Session-ID Lenght},
url = {https://www.owasp.org/index.php/Insufficient_Session-ID_Length}
}

@Misc{SRNGiJ,
title = {Secure Random Number Generation in JAVA},
url = {http://resources.infosecinstitute.com/random-number-generation-java/}
}

@Misc{RND,
title = "{Linux Programmer's Manual}: RANDOM",
url = {http://man7.org/linux/man-pages/man4/random.4.html}
}
